@proceedings{.2017,
    year = {2017},
    title = {{2017 13th International Conference on Advanced Technologies, Systems and Services in Telecommunications (TELSIKS)}},
    abstract = {},
    eventtitle = {2017 13th International Conference on Advanced Technologies, Systems and Services in Telecommunications (TELSIKS)}
}

@proceedings{.2019,
    year = {2019},
    title = {{2019 10th International Conference on Computing, Communication and Networking Technologies (ICCCNT)}},
    abstract = {},
    eventtitle = {2019 10th International Conference on Computing, Communication and Networking Technologies (ICCCNT)}
}

@inproceedings{A.I.Stojnev.2017,
    author = {{A. I. Stojnev} and {D. H. Stojanovi{\'c}}},
    title = {{Software systems for processing and analysis of big data and event streams}},
    pages = {128--131},
    bookpagination = {page},
    booktitle = {{2017 13th International Conference on Advanced Technologies, Systems and Services in Telecommunications (TELSIKS)}},
    year = {2017},
    eventtitle = {2017 13th International Conference on Advanced Technologies, Systems and Services in Telecommunications (TELSIKS)}
}

@article{Becker.2002,
    author = {Becker, J{\"o}rg and Algermissen, L. and Delfmann, Patrick and Knackstedt, Ralf},
    year = {2002},
    title = {{Referenzmodellierung}},
    pages = {1294--1298},
    pagination = {page},
    volume = {30},
    journaltitle = {{Das Wirtschaftsstudium}},
    abstract = {}
}

@incollection{Becker.2003b,
    author = {Becker, J{\"o}rg and Desel, J{\"o}rg and Frank, Ulrich and Kirn, Stefan and Krcmar, Helmut and Loos, Peter and N{\"u}ttgens, Markus and Rohloff, Michael and Sch{\"u}tte, Reinhard},
    title = {{Referenzmodellierung 2003 (RefMod2003)}},
    url = {https://dl.gi.de/20.500.12116/29769},
    pages = {232},
    bookpagination = {page},
    publisher = {{Ges. f{\"u}r Informatik}},
    series = {{GI-Edition Proceedings}},
    editor = {Dittrich, Klaus},
    booktitle = {{Innovative Informatikanwendungen}},
    year = {2003},
    abstract = {},
    location = {Bonn},
    booksubtitle = {{Informatik 2003, Beitr{\"a}ge der 33. Jahrestagung der Gesellschaft f{\"u}r Informatik e.V. (GI), 29. Sept. - 2. Okt. 2003 in Frankfurt am Main}},
    number = {34}
}

@collection{Becker.2004,
    year = {2004},
    title = {{Referenzmodellierung}},
    publisher = {{Physica-Verlag HD}},
    editor = {Becker, J{\"o}rg and Delfmann, Patrick},
    subtitle = {{Grundlagen, Techniken und dom{\"a}nenbezogene Anwendung}},
    location = {Heidelberg}
}

@article{Becker.2004b,
    author = {Becker, J{\"o}rg and Knackstedt, Ralf},
    year = {2004},
    title = {{Referenzmodellierung im Data-Warehousing --- State-of-the-Art und konfigurative Ans{\"a}tze f{\"u}r die Fachkonzeption}},
    pages = {39--49},
    pagination = {page},
    volume = {46},
    issn = {0937-6429},
    journaltitle = {{Wirtschaftsinformatik}},
    shortjournal = {Wirtschaftsinf},
    number = {1},
    abstract = {}
}

@article{Becker.2004c,
    author = {Becker, J{\"o}rg and Delfmann, Patrick and Knackstedt, Ralf},
    year = {2004},
    title = {{Adaption fachkonzeptioneller Referenzprozessmodelle}},
    pages = {19--22},
    pagination = {page},
    volume = {20},
    journaltitle = {{Industriemanagement}},
    number = {1},
    abstract = {}
}

@article{Becker.2004e,
    author = {Becker, J{\"o}rg and Delfmann, Patrick and Knacktedt, Ralf},
    year = {2004},
    title = {{Konstruktion von Referenzmodellierungssprachen. Ein Ordnungsrahmen zur Spezifikation von Adaptionsmechanismen f{\"u}r Informationsmodelle}},
    pages = {251--264},
    pagination = {page},
    volume = {46},
    journaltitle = {{Wirtschaftsinformatik}},
    number = {4},
    abstract = {}
}

@article{Czarnecki.2020,
    author = {Czarnecki, Christian and Dietze, Christian},
    year = {2020},
    title = {{Gestaltungsorientierte Forschung am Beispiel der Referenzmodellierung in der Telekommunikationsindustrie}},
    pages = {310--323},
    pagination = {page},
    volume = {57},
    issn = {2198-2775},
    journaltitle = {{HMD Praxis der Wirtschaftsinformatik}},
    number = {2}
}

@collection{Dittrich.2003,
    year = {2003},
    title = {{Innovative Informatikanwendungen}},
    volume = {34},
    publisher = {{Ges. f{\"u}r Informatik}},
    series = {{GI-Edition Proceedings}},
    editor = {Dittrich, Klaus},
    abstract = {},
    pagetotal = {383},
    subtitle = {{Informatik 2003, Beitr{\"a}ge der 33. Jahrestagung der Gesellschaft f{\"u}r Informatik e.V. (GI), 29. Sept. - 2. Okt. 2003 in Frankfurt am Main}},
    location = {Bonn},
    organization = {{Gesellschaft f{\"u}r Informatik} and {Informatik 2003, Jahrestagung der Gesellschaft f{\"u}r Informatik} and GI-Jahrestagung}
}

@article{Fettke.2004,
    author = {Fettke, Peter and Loos, Peter},
    year = {2004},
    title = {{Referenzmodellierungsforschung}},
    pages = {331--340},
    pagination = {page},
    volume = {46},
    issn = {0937-6429},
    journaltitle = {{Wirtschaftsinformatik}},
    shortjournal = {Wirtschaftsinf},
    number = {5},
    abstract = {}
}

@article{Goeken.2004,
    author = {Goeken, Matthias},
    year = {2004},
    title = {{Referenzmodellbasierte Einf{\"u}hrung von F{\"u}hrungsinformationssystemen Grundlagen, Anforderungen, Methode}},
    pages = {353--365},
    pagination = {page},
    volume = {46},
    issn = {0937-6429},
    journaltitle = {{Wirtschaftsinformatik}},
    shortjournal = {Wirtschaftsinf},
    number = {5},
    abstract = {}
}

@article{Greer.02.07.2019,
    author = {Greer, Melvin},
    title = {{Data: The Fuel Powering AI {\&} Digital Transformation}},
    url = {https://www.forbes.com/sites/cognitiveworld/2019/02/06/data-the-fuel-powering-ai-digital-transformation/},
    urldate = {2021-02-23},
    journaltitle = {{Forbes}},
    date = {2019-07-02}
}

@collection{Probst.2013,
    year = {2013},
    title = {{Strategie-Leitfaden f{\"u}r die Praxis}},
    publisher = {{Springer Fachmedien Wiesbaden}},
    editor = {Probst, Gilbert and Wiedemann, Christian},
    abstract = {},
    location = {Wiesbaden}
}

@incollection{Probst.2013b,
    author = {Probst, Gilbert and Wiedemann, Christian},
    title = {{Strategie-Entwicklung}},
    pages = {47--91},
    bookpagination = {page},
    publisher = {{Springer Fachmedien Wiesbaden}},
    editor = {Probst, Gilbert and Wiedemann, Christian},
    booktitle = {{Strategie-Leitfaden f{\"u}r die Praxis}},
    year = {2013},
    location = {Wiesbaden}
}

@book{Probst.2013c,
    author = {Probst, Gilbert J. B. and Wiedemann, Christian},
    year = {2013},
    title = {{Strategie-Leitfaden f{\"u}r die Praxis}},
    url = {http://lib.myilibrary.com/detail.asp?id=547137},
    edition = {2. Aufl.},
    publisher = {{Springer Gabler}},
    location = {Wiesbaden},
    abstract = {}
}

@inproceedings{S.Khare.2019,
    author = {{S. Khare} and {M. Totaro}},
    title = {{Big Data in IoT}},
    pages = {1--7},
    bookpagination = {page},
    booktitle = {{2019 10th International Conference on Computing, Communication and Networking Technologies (ICCCNT)}},
    year = {2019},
    eventtitle = {2019 10th International Conference on Computing, Communication and Networking Technologies (ICCCNT)}
}

@misc{Schutte.2000,
    author = {Sch{\"u}tte, Reinhard and Holten, Roland and Becker, J{\"o}rg and Knackstedt, Ralf},
    year = {2000},
    title = {{Referenz-Informationsmodellierung}},
    abstract = {}
}

@book{vomBrocke.2003,
    author = {{vom Brocke}, Jan},
    year = {2015},
    title = {{Referenzmodellierung}},
    edition = {2. Aufl.},
    volume = {4},
    publisher = {Logos},
    subtitle = {{Gestaltung und Verteilung von Konstruktionsprozessen}},
    location = {Berlin},
    titleaddon = {{Zugl.: M{\"u}nster, Univ., Diss., 2002}},
    series = {{Advances in information systems and management science}},
    abstract = {},
    pagetotal = {404}
}

@article{vomBrocke.2004,
    author = {{vom Brocke}, Jan and Buddendick, Christian},
    year = {2004},
    title = {{Organisationsformen in der Referenzmodellierung --- Forschungsbedarf und Gestaltungsempfehlungen auf Basis der Transaktionskostentheorie}},
    pages = {341--352},
    pagination = {page},
    volume = {46},
    issn = {0937-6429},
    journaltitle = {{Wirtschaftsinformatik}},
    shortjournal = {Wirtschaftsinf},
    number = {5},
    abstract = {}
}

