% Encoding: UTF-8


@Inproceedings{Ancuti,
  Title                    = {Enhancing underwater images and videos by fusion},
  Author                   = {Ancuti, C. and Ancuti, C.O. and Haber, T. and Bekaert, P.},
  Booktitle                = {IEEE Conference on Computer Vision and Pattern Recognition (CVPR)},
  Year                     = {2012},
  Doi                      = {10.1109/CVPR.2012.6247661},
  Pages                    = {81-88},

  Abstract                 = {This paper describes a novel strategy to enhance underwater videos and images. Built on the fusion principles, our strategy derives the inputs and the weight measures only from the degraded version of the image. In order to overcome the limitations of the underwater medium we define two inputs that represent color corrected and contrast enhanced versions of the original underwater image/frame, but also four weight maps that aim to increase the visibility of the distant objects degraded due to the medium scattering and absorption. Our strategy is a single image approach that does not require specialized hardware or knowledge about the underwater conditions or scene structure. Our fusion framework also supports temporal coherence between adjacent frames by performing an effective edge preserving noise reduction strategy. The enhanced images and videos are characterized by reduced noise level, better exposed-ness of the dark regions, improved global contrast while the finest details and edges are enhanced significantly. In addition, the utility of our enhancing technique is proved for several challenging applications.},
  Bdsk-url-1               = {http://dx.doi.org/10.1109/CVPR.2012.6247661},
  ISSN                     = {1063-6919},
  Keywords                 = {image colour analysis;image denoising;image enhancement;image fusion;light absorption;light scattering;video signal processing;adjacent frames;color corrected version;contrast enhanced version;distant objects degradation;edge preserving noise reduction strategy;enhancing technique;fusion framework;fusion principles;global contrast;image fusion;medium absorption;medium scattering;reduced noise level;single image approach;temporal coherence;underwater conditions;underwater image enhancement;underwater scene structure;underwater videos enhancement;weight maps;Image color analysis;Image edge detection;Image restoration;Laplace equations;Lighting;Noise;Videos}
}

@Misc{Umlauttest,
  Title                    = {Umlaute: Äöüß},

  Author                   = {äöüß€},
  HowPublished             = {nur ein Test},

  Date-modified            = {2015-01-14 22:02:12 +0100}
}

@Thesis{Boettger:Diplomarbeit,
  Title                    = {Cloud Computing richtig gemacht: Ein Vorgehensmodell zur Auswahl von SaaS-Anwendungen: Am Beispiel eines hybriden Cloud-Ansatzes für Vertriebssoftware in KMU},
  Author                   = {Böttger, Markus},
  Institution              = {Universität Stuttgart},
  Type                     = {Diplomarbeit},
  Year                     = {2012},

  Edition                  = {1. Auflage},
  ISBN                     = {978-384-28281-7-9},
  Keywords                 = {Cloud computing. Hybrider Betrieb. On-Premise Software},
  Publisher                = {Diplomica Verlag GmbH}
}

@Article{Carvalho:PJ:2012-1,
  Title                    = {Documenting ITIL processes with LaTeX (Portuguese)},
  Author                   = {Rayans Carvalho and Francisco Reinaldo},
  Year                     = {2012},
  Number                   = {1},
  Url                      = {http://tug.org/pracjourn/2012-1/rayans},

  Bdsk-url-1               = {http://tug.org/pracjourn/2012-1/rayans},
  Journal                  = {The Prac\TeX\ Journal}
}

@Online{langeURL,
  Title                    = {Lange URL als Herausforderung für den Zeilenumbruch},
  Author                   = {Google},
  Url                      = {http://www.google.de/search?q=biblatex+umbruch+url&hl=de&gbv=2&oq=biblatex+umbruch+url&gs_l=heirloom-serp.12...0.0.0.6831.0.0.0.0.0.0.0.0..0.0.msedr...0...1ac..34.heirloom-serp..0.0.0.5959BWSvzu0},
  Year                     = {o.J.}
}

@Manual{biblatex:manual,
  Title                    = {The Biblatex Package},
  Author                   = {Philipp Lehman},
  Year                     = {2014},
  Edition                  = {Version 2.9a},
  Organization             = {CTAN.org},
  Url                      = {http://ctan.org/pkg/biblatex},

  Bdsk-url-1               = {http://ctan.org/pkg/biblatex},
  Owner                    = {tobiasstraub},
  Timestamp                = {2015.01.09}
}

@Inbook{Mann,
  Title                    = {Beyond Systematic Innovation},
  Author                   = {Mann, D.},
  Editor                   = {Jöstingmeier, B. and Boeddrich, H.-J.},
  Pages                    = {45--61},
  Publisher                = {DUV},
  Year                     = {2005},

  Address                  = {Wiesbaden},

  Booktitle                = {Cross-Cultural Innovation},
  Owner                    = {tobiasstraub},
  Timestamp                = {2015.01.04}
}

@Report{mayer:PA1,
  Title                    = {Automatisierung von Zellformatierungen in Excel},
  Author                   = {Lieschen Mayer},
  Institution              = {DHBW Stuttgart},
  Type                     = {1. Projektarbeit},
  Year                     = {2015},
  Subtitle                 = {Entwicklung eines Prototypen mit VBA},

  Owner                    = {tobiasstraub},
  Timestamp                = {2015.01.28}
}

@Report{mayerLukas:PA1,
  Title                    = {Unternehmenskommunikation mittels RFC822},
  Author                   = {Lukas Mayer},
  Institution              = {DHBW Stuttgart},
  Type                     = {1. Projektarbeit},
  Year                     = {2015}
}

@Manual{Win8,
  Title                    = {Produkthandbuch für Windows 8 und Windows RT},
  Author                   = {Microsoft},
  Year                     = {2012},
  Edition                  = {Version 1.0},

  Bdsk-url-1               = {https://www.microsoft.com/de-de/download/details.aspx?id=35406},
  Owner                    = {tobiasstraub},
  Timestamp                = {2015.01.05}
}


@Book{MitZweiAutoren,
  Title                    = {Test},
  Author                   = {Max Müller and Mayer, Lieschen},
  Year                     = {2013}
}

@Book{MitDreiAutoren,
  Title                    = {Test},
  Author                   = {Max Muller and Mayer, Laura and Schulze, Werner},
  Year                     = {2013},

  Owner                    = {tobiasstraub},
  Timestamp                = {2015.01.04}
}

@Book{OhneAutorenOhneJahr,
  Title                    = {UnbekannterAutor, unbekannterTitel},
  Author                   = {o.V.},

  Owner                    = {tobiasstraub},
  Timestamp                = {2015.01.04}
}

@Book{OhneAutorenOhneJahr2,
  Title                    = {UnbekannterAutor, unbekannterTitel die Zweite},
  Author                   = {o.V.},

  Owner                    = {tobiasstraub},
  Timestamp                = {2015.01.04}
}

@Book{OhneAutoren,
  Title                    = {UnbekannterAutor},
  Author                   = {o.V.},
  Year                     = {2016}
}

@Book{Preiss,
  Title                    = {Entwurf und Verarbeitung relationaler Datenbanken},
  Author                   = {Preiß, N.},
  Year                     = {2007},
  Publisher                = {Oldenbourg},

  Address                  = {München/Wien},
  Owner                    = {tobiasstraub},
  Timestamp                = {2015.01.04}
}

@Online{SAP:HANA,
  Title                    = {Real-time Analysis of Complaints for Life Sciences},
  Author                   = {{SAP AG}},
  Url                      = {http://hana.sap.com/abouthana/why-hana/usecases/real-time-analysis-complaints-life-sciences.html},
  Year                     = {o.J.},

  Urldate                  = {2015-01-05},

  Date-modified            = {2015-01-14 22:18:32 +0100},
  Owner                    = {tobiasstraub},
  Timestamp                = {2015.01.05}
}

@Book{Schlosser,
  Title                    = {Wissenschaftliche Arbeiten schreiben mit LATEX: Leitfaden für Einsteiger},
  Author                   = {Schlosser, Joachim},
  Year                     = {2014},
  Edition                  = {5., überarb. Aufl.},
  ISBN                     = {978-3-8266-9486-8},
  Publisher                = {mitp-Verlag},

  Bdsk-url-1               = {http://deposit.d-nb.de/cgi-bin/dokserv?id=4527943&prov=M&dok_var=1&dok_ext=htm}
}

@Book{Staab,
  Title                    = {Logik und Algebra: eine praxisbezogene Einführung für Informatiker und Wirtschaftsinformatiker},
  Author                   = {Staab, Frank},
  Year                     = {2012},
  Edition                  = {2., überarb. Aufl.},
  ISBN                     = {978-3-486-71697-9},
  Pages                    = {148},
  Publisher                = {Oldenbourg},

  Address                  = {München}
}

@Book{BuschlingerStaab,
  Title                    = {{UNIX} für Software-Entwickler - Konzepte, Werkzeuge und Ideen},
  Author                   = {Frank Staab},
  Year                     = {1993},
  ISBN                     = {978-3-519-02290-9},
  Publisher                = {Teubner},

  Bibsource                = {dblp computer science bibliography, http://dblp.org},
  Biburl                   = {http://dblp.uni-trier.de/rec/bib/books/daglib/0069663}
}

@Article{Stoi,
  Title                    = {Management und Controlling von Intangibles},
  Author                   = {Stoi, R.},
  Year                     = {2003},
  Number                   = {1},
  Pages                    = {34--46},
  Volume                   = {4},

  Journal                  = {Studium \& Praxis},
  Owner                    = {tobiasstraub},
  Timestamp                = {2015.01.04}
}

@Article{trautwein2011unternehmensplanspiele,
  Title                    = {Unternehmensplanspiele im industriebetrieblichen Hochschulstudium},
  Author                   = {Trautwein, Christina},
  Year                     = {2011},
  Volume                   = {147},

  Journal                  = {Analyse von Kompetenzerwerb, Motivation und Zufriedenheit am Beispiel des Unternehmensplanspiels TOPSIM--General Management II. Wiesbaden: Gabler}
}

@Article{hitzler2011optimierung,
  Title                    = {Optimierung und Intensivierung des Einsatzes von Planspielen an Hochschulen},
  Author                   = {Trautwein, Friedrich},
  Year                     = {2011},
  Pages                    = {101--125},

  Comment                  = {weitere Autoren: Hitzler, Sebastian and Z{\"u}rn, Birgit and},
  Journal                  = {Planspiele--Qualit{\"a}t und Innovation: Neue Ans{\"a}tze aus Theorie und Praxis, hrsg. von: Hitzler, S}
}

@Article{trautwein2004berufliche,
  Title                    = {Berufliche Handlungskompetenz als Studienziel},
  Author                   = {Trautwein, Friedrich},
  Year                     = {2004},

  Journal                  = {Hohenheim: Verlag Wissenschaft und Praxis}
}

@Inbook{Trautwein:Nokia,
  Title                    = {Nokia kämpft um die Vorherrschaft: Analyse der Mobiltelefonbranche},
  Author                   = {Friedrich Trautwein and Christina Trautwein},
  Editor                   = {R. Dillerup and R. Stoi},
  Pages                    = {81-84},
  Publisher                = {Vahlen Verlag},
  Year                     = {2008},

  Address                  = {München},

  Booktitle                = {Praxis der Unternehmensführung},
  Owner                    = {tobiasstraub},
  Timestamp                = {2015.01.04}
}

@Inproceedings{Trautwein:Erfolgsfaktoren,
  Title                    = {Erfolgsfaktoren beim internationalen Planspieleinsatz},
  Author                   = {Friedrich Trautwein and Christina Trautwein},
  Booktitle                = {17. TOPSIM-Anwendertreffen},
  Editor                   = {{Tata Interactive Systems GmbH}},
  Year                     = {2008},

  Owner                    = {tobiasstraub},
  Timestamp                = {2015.01.04}
}

@Online{wiki:Wirtschaftsinformatik,
  Title                    = {Wirtschaftsinformatik --- Wikipedia{,} Die freie Enzyklopädie},
  Author                   = {Wikipedia},
  Url                      = {http://de.wikipedia.org/w/index.php?title=Wirtschaftsinformatik&oldid=130413078},
  Year                     = {o.J.},

  Urldate                  = {2014-05-14},

  Bdsk-url-1               = {http://de.wikipedia.org/w/index.php?title=Wirtschaftsinformatik&oldid=130413078}
}

@Inbook{Wind,
  Title                    = {Cloud Management mit Open-Source-Plattformen},
  Author                   = {Stefan Wind},
  Editor                   = {Susanne Strahringer},
  Publisher                = {dpunkt.verlag GmbH},
  Year                     = {2012},

  Booktitle                = {Open Source - Konzepte, Risiken, Trends}
}

@Phdthesis{GuttenPlag,
  Title                    = {Verfassung und Verfassungsvertrag : konstitutionelle Entwicklungsstufen in den USA und der EU},
  Author                   = {Karl-Theodor {zu Guttenberg}},
  Institution              = {Universität Bayreuth},
  Year                     = {2009},
  Note                     = {Doktorgrad am 23.2.2011 aberkannt},
  Type                     = {Dissertation},

  Owner                    = {tobiasstraub},
  Timestamp                = {2015.01.09}
}

@Book{keinAutorAberHerausgeber,
  Title                    = {Buch ohne Autor, aber mit Herausgeber},
  Year                     = {2020},
  Editor                   = {Max Meier},
  Location                 = {Bielefeld},
  Publisher                = {Nonsens-Verlag}
}

@Article{Primaerquelle,
  author   = {Originalautor},
  title    = {Originalliteratur, die nicht direkt zitiert wird und auch nicht im Verzeichnis erscheinen soll},
  year     = {2000},
  journal = {Journal of Fake Sciences},
  keywords = {ausblenden},
}

@Book{Sekundaerquelle,
  author = {Sekundärautor},
  title  = {Sekundärliteratur wird tatsächlich ins Verzeichnis aufgenommen},
  year   = {2018},
}

@Comment{jabref-meta: databaseType:biblatex;}
